% template: https://en.wikibooks.org/wiki/LaTeX/Bibliography_Management
@article{cuk,
    author  = "Middlebrook, R. D. and \'{C}uk, S.",
    title   = "A general unified approach to modelling switching-converter
power stages",
    journal = "International Journal of Electronics Theoretical and Experimental",
    volume  = "42",
    number  = "6",
    pages   = "521 - 550",
    year    = "1977",
    %month  = "",
    %note   = "",
}

@manual{maxwell,
	title		= "Boost cap Ultracapacitors Product Guide",
	%author		= "",
	organization	= "Maxwell Technologies Inc.",
	%address	= "",
	%edition	= "",
	year		= "2009",
	%month		= "",
	%note		= "",
}

@misc{murata,
      author = "Murata Manufacturing Co",
      title = "Supercapacitor ({EDLC}) {B}asics ({P}art 1): What {I}s a {S}upercapacitor ({EDLC})?",
      month = "06",
      year = "2015",
      url = "https://www.murata.com/products/emiconfun/capacitor/2015/03/24/20150324-p1"
}

@manual{picADC,
	title		= "{B}12-Bit {H}igh-{S}peed, {M}ultiple {SAR}s {A/D} {C}onverter ({ADC})",
	%author		= "",
	organization	= "Microchip",
	%address	= "",
	edition	= "Revision F",
	year		= "2017",
	month		= "06",
	%note		= "",
}

@manual{picPWM,
	title		= "{H}igh-{S}peed {PWM} {M}odule",
	%author		= "",
	organization	= "Microchip",
	%address	= "",
	edition	    = "Revision H",
	year		= "2017",
	month		= "09",
	%note		= "",
}

@manual{sar_adc,
	title		= "{U}nderstanding {SAR} {ADC}s: {T}heir {A}rchitecture and {C}omparison with {O}ther {ADC}s",
	%author		= "",
	organization	= "Maxim Integrated Products, Inc",
	%address	= "",
	%edition	= "Revision H",
	year		= "2001",
	month		= "10",
	%note		= "",
    url         = "https://www.maximintegrated.com/en/app-notes/index.mvp/id/1080",
}

@manual{ft232r,
	title		= "{D}atasheet: {FT232R} {USB} {UART} {IC}",
	%author		= "",
	organization	= "Future Technology Devices International Ltd",
    pages       = "10,14",
	%address	= "",
	edition	= "Version 2.14",
	year		= "2018",
	month		= "06",
	%note		= "",
    url         = "https://www.ftdichip.com/Support/Documents/DataSheets/ICs/DS_FT232R.pdf",
    %urldate     = "2018-10-01",
}

@manual{usb_design_guide,
	title		= "{USB} {H}ardware {D}esign {G}uidelines for {FTDI} {IC}s",
	%author		= "",
	organization	= "Future Technology Devices International Ltd",
    pages       = "5",
	%address	= "",
	edition	= "Version 1.1",
	year		= "2013",
	month		= "11",
	%note		= "",
    url         = "https://www.ftdichip.com/Support/Documents/AppNotes/AN_146_USB_Hardware_Design_Guidelines_for_FTDI_ICs.pdf",
}

@misc{usb_filtering,
      author = "Andy Brown",
      title = "{F}iltering the 5{V} {USB} {P}ower {S}upply {L}ine",
      month = "07",
      year = "2015",
      url = "http://andybrown.me.uk/2015/07/24/usb-filtering/",
}

@book{dsp,
    author    = "Sanjit K. Mitra",
    title     = "Digital Signal Processing",
    publisher = "McGraw Hill Higher Education",
    %volume   = "",
    %number   = "",
    %series   = "",
    %address  = "",
    edition  = "4th edition",
    year      = "2012",
    month    = "07",
    %note     = "",
}

@manual{fan4274,
	title		= "{D}atasheet: {FAN4274} {D}ual, {R}ail-to-{R}ail {I/O}, {CMOS} {A}mplifier",
	%author		= "",
	organization	= "ON Semiconductor",
    %pages       = "5",
	%address	= "",
	edition	= "Rev. 2",
	year		= "2017",
	month		= "12",
	%note		= "",
    url         = "http://www.onsemi.com/pub/Collateral/FAN4274-D.PDF",
    urldate     = "2018-10-01",
}

@manual{aat1217,
	title		= "{D}atasheet: {AAT1217} 600m{A}, 1.2{MH}z, {M}icropower {S}ynchronous {S}tep-{U}p {C}onverter",
	%author		= "",
	organization	= "Skyworks Solutions, Inc. ",
    %pages       = "5",
	%address	= "",
	%edition	= "Rev. 2",
	year		= "2013",
	month		= "03",
	%note		= "",
    url         = "http://www.skyworksinc.com/uploads/documents/AAT1217_202050B.pdf",
    urldate     = "2018-10-01",
}

@manual{supply_ripple,
	title		= "Understanding power supply ripple rejection in linear regulators",
	author		= "John C. Teel",
	organization	= "Texas Instruments Incorporated",
    %pages       = "5",
	%address	= "",
	%edition	= "Version 1.1",
	year		= "2005",
	%month		= "11",
	%note		= "",
    url         = "http://www.ti.com/lit/an/slyt202/slyt202.pdf",
}

@manual{mcp1703a,
	title		= "{D}atasheet: {MCP1703A} 250 m{A}, 16{V}, {L}ow {Q}uiescent {C}urrent {LDO} {R}egulator",
	%author		= "",
	organization	= "Microchip Technology Inc",
    pages       = "9",
	%address	= "",
	%edition	= "Rev. 2",
	%year		= "2013",
	month		= "03",
	%note		= "",
    url         = "http://ww1.microchip.com/downloads/en/DeviceDoc/20005122B.pdf",
    urldate     = "2018-10-01",
}

@manual{adm8829,
	title		= "{D}atasheet: {ADM8829} {S}witched-{C}apacitor {V}oltage {I}nverter with {S}hutdown",
	%author		= "",
	organization	= "Analog Devices, Inc",
    pages       = "2,5",
	%address	= "",
	%edition	= "Rev. A",
	year		= "1999",
	%month		= "03",
	%note		= "",
    url         = "http://www.analog.com/media/en/technical-documentation/data-sheets/ADM8828_8829.pdf",
    urldate     = "2018-10-01",
}

@manual{ltc4425,
	title		= "{D}atasheet: {LTC4425} {L}inear {S}uper{C}ap {C}harger with {C}urrent-{L}imited {I}deal {D}iode and {V/I} {M}onitor",
	%author		= "",
	organization	= "Analog Devices, Inc",
    pages       = "11",
	%address	= "",
	%edition	= "Rev. A",
	year		= "2016",
	month		= "02",
	%note		= "",
    url         = "http://www.analog.com/media/en/technical-documentation/data-sheets/4425fa.pdf",
    urldate     = "2018-10-01",
}

@misc{ultracap_fig,
      author = "{Tecate Group}",
      title = "What is an ultracapacitor?",
    %   month = "07",
    %   year = "2015",
      url = "https://www.tecategroup.com/ultracapacitors-supercapacitors/ultracapacitor-FAQ.php",
}

@misc{reordering,
      author = "Arangs Manicham",
      title = "Code Optimization using Code Re-ordering",
      month = "01",
      year = "2013",
      url = "https://www.slideshare.net/arangs/code-optimization-using-code-reordering",
}

@misc{cross,
      author = "Jan Hubicka",
      title = "Optimization passes",
      month = "05",
      year = "2003",
      url = "http://www.ucw.cz/~hubicka/papers/proj/node10.html",
}

@book{controlsystemdesign,
    author    = "Graham Goodwin and Stefan Graebe and Mario Salgado",
    title     = "Control System Design",
    year      = "2000",
    publisher = "Pearson",
    address   = "Heg USA",
}

@misc{labsupply_price,
    author    = "{C}ore {E}lectronics",
    title     = "{L}aboratory {DC} {P}ower {S}upply (2$\times$ {O}utputs @ 0-30{V} 3{A})",
    url       = "https://core-electronics.com.au/laboratory-dc-power-supply-2x-outputs-at-0-30v-3a.html",
    urldate   = "2018-10-23",
}

@manual{benchsupply_specs,
	title		= "{GPS}-x303 {S}eries ({L}inear) {M}anual",
	organization	= "{GW} {I}nstek",
	year		= "2001",
	%month		= "03",
	%note		= "",
	pages       = "2-3,5",
    url         = "https://www.gwinstek.com/en-global/products/downloadSeriesDownNew/8071/1210",
    urldate     = "2018-10-23",
}